@inproceedings{shafahi2018poison,
  title={Poison frogs! targeted clean-label poisoning attacks on neural networks},
  author={Shafahi, Ali and Huang, W Ronny and Najibi, Mahyar and Suciu, Octavian and Studer, Christoph and Dumitras, Tudor and Goldstein, Tom},
  booktitle={Advances in Neural Information Processing Systems},
  pages={6103--6113},
  year={2018}
}